@Misc{Regex,
  author = {Wikipedia},
  title = {{Regex}},
  howpublished = "\url{http://en.wikipedia.org/wiki/Regular_expression}",
  year = {2014}, 
  note = "[Online; accessed 25-06-2014]"
  }
  
  @Misc{PnP,
  author = {Jane Austen},
  title = {{Pride and Prejudice}},
  howpublished = "\url{http://www.gutenberg.org/ebooks/1342}",
  year = {2014}, 
  note = "[Online; accessed 25-06-2014]"
  }
  