@Book{erhvervsjura,
  author = 	   {Børge Dahl},
  title = 	   {Erhvervsjura i et markedsøkonomist perspektiv},
  edition =    {12.},
  publisher =  {Handelshøjskolens forlag},
  year = 	   {2012},
  pages = 	   {140}
}

@Book{buildingJava,
  author = 	   {Stuart Reges and Marty Stepp},
  editor = 	   {Michael Hirsch},
  title = 	   {Building Java Programs},
  edition =    {Second},
  publisher =  {Pearson},
  year = 	   {2010},
  pages = 	   {602},
  note = 	   {frit oversat)}
}