@Book{buildingJava,
  author = 	   {Stuart Reges and Marty Stepp},
  editor = 	   {Michael Hirsch},
  title = 	   {Building Java Programs},
  edition =    {Second},
  publisher =  {Pearson},
  year = 	   {2010},
  pages = 	   {602},
  note = 	   {frit oversat)}
}
@Misc{wikipedia,
  author = {bla hansen},
  title = {{BWorld}},
  howpublished = "\url{http://aiweb.techfak.uni-bielefeld.de/content/bworld-robot-control-software/}",
  year = {2008}, 
  note = "[Online; accessed 19-July-2008]"
  }

