@Book{larman,
  author = 	   {Craig Larman},
  title = 	   {Applying UML and patterns},
  edition =    {Third},
}
@Book{designing,
  author = 	   {Kim Goodwin},
  editor = 	   {Michael Hirsch},
  title = 	   {Designing for the Digital Age},
  publisher =  {Wiley Publishing, Inc.},
  year = 	   {2009}
}
@Book{cockburn,
  author = 	   {Alistair Cockburn},
  title = 	   {Writing Effective Use Cases},
  publisher =  {Addison-Wesley Longman Publishing Co. Inc.},
  year = 	   {2001}
}
@Misc{audao,
  title = {Audao},
  howpublished = "\url{http://audao.spoledge.com/}",
  year = {2014}, 
  note = "[Online; accessed \today]"
  }
@Misc{heidisql,
  title = {HeidiSQL},
  howpublished = "\url{http://www.heidisql.com/}",
  year = {2014}, 
  note = "[Online; accessed \today]"
  }
@Misc{surveymonkey,
  title = {SurveyMonkey},
  howpublished = "\url{https://www.surveymonkey.com/home/}",
  year = {2014}, 
  note = "[Online; accessed \today]"
  }
@Misc{retsinfo,
  title = {retsinformation.dk},
  howpublished = "\url{https://www.retsinformation.dk/forms/r0710.aspx?id=828}",
  year = {2014}, 
  note = "[Online; accessed \today]"
  }
@Misc{datatilsyn,
  title = {datatilsynet.dk},
  howpublished = "\url{http://www.datatilsynet.dk/erhverv/internettet/krav-og-anbefalinger-ifm-overfoersel-af-personoplysninger-via-internettet/}",
  year = {2014}, 
  note = "[Online; accessed \today]"
  }
@Misc{nordhospital,
  title = {nordsjaellandshospital.dk},
  howpublished = "\url{http://www.nordsjaellandshospital.dk/menu/Afdelinger/BilleddiagnostiskAfdeling/Om+afdelingen/Noegletal.htm}",
  year = {2014}, 
  note = "[Online; accessed \today]"
  }
  