@Misc{SoN,
  author = {Dr. S.B. Sadkhan},
  title = {{Security of Networks}},
  howpublished = "\url{http://www.uobabylon.edu.iq/eprints/paper_5_7264_649.pdf}",
  year = {2011}, 
  note = "[Online; accessed 15-06-2014]"
  }
  
  @Misc{WolfA,
  author = {Wolfram Alpha},
  title = {{}},
  howpublished = "\url{http://www.wolframalpha.com/input/?i=0.00656518+e%5E%280.363729+x%29}",
  year = {2014}, 
  note = "[Online; accessed 15-06-2014]"
  }
  @Book{Prob,
  author = 	   {Richard Johnsom, Irwin Miller, John Freund},
  title = 	   {Propability and Statistics for Engineers},
  edition =    {Eighth},
  publisher =  {Pearson},
  year = 	   {2011},
  pages = 	   {517}
}